<record><leader>00000cas a2200000 a 4500</leader><controlfield tag="001">23606025</controlfield><controlfield tag="008">910425d19311995nyudr ne      0   a0eng c</controlfield><datafield ind1=" " ind2=" " tag="010"><subfield code="a">sn 91066436 </subfield></datafield><datafield ind1=" " ind2=" " tag="040"><subfield code="a">NYS</subfield><subfield code="b">eng</subfield><subfield code="c">NYS</subfield><subfield code="d">NSD</subfield><subfield code="d">NYS</subfield><subfield code="d">NSD</subfield><subfield code="d">NYS</subfield><subfield code="d">OCLCQ</subfield><subfield code="d">OCLCF</subfield><subfield code="d">OCLCO</subfield></datafield><datafield ind1=" " ind2=" " tag="012"><subfield code="m">1</subfield></datafield><datafield ind1="1" ind2=" " tag="022"><subfield code="a">1060-457X</subfield><subfield code="l">1060-457X</subfield><subfield code="2">1</subfield></datafield><datafield ind1="1" ind2=" " tag="029"><subfield code="a">AU@</subfield><subfield code="b">000020668691</subfield></datafield><datafield ind1="1" ind2=" " tag="029"><subfield code="a">NZ1</subfield><subfield code="b">16076103</subfield></datafield><datafield ind1=" " ind2=" " tag="032"><subfield code="a">144480</subfield><subfield code="b">USPS</subfield></datafield><datafield ind1=" " ind2=" " tag="042"><subfield code="a">pcc</subfield><subfield code="a">nsdp</subfield></datafield><datafield ind1=" " ind2=" " tag="043"><subfield code="a">n-us-ny</subfield></datafield><datafield ind1="0" ind2=" " tag="130"><subfield code="a">Daily news (Tarrytown, N.Y.)</subfield></datafield><datafield ind1=" " ind2="4" tag="222"><subfield code="a">The Daily news</subfield><subfield code="b">(White Plains, N.Y.)</subfield></datafield><datafield ind1="0" ind2="4" tag="245"><subfield code="a">The daily news.</subfield></datafield><datafield ind1=" " ind2=" " tag="260"><subfield code="a">Tarrytown, N.Y. :</subfield><subfield code="b">Tarrytown Daily News,</subfield><subfield code="c">1931-1995.</subfield></datafield><datafield ind1=" " ind2=" " tag="300"><subfield code="a">v. :</subfield><subfield code="b">ill. ;</subfield><subfield code="c">55 cm.</subfield></datafield><datafield ind1=" " ind2=" " tag="310"><subfield code="a">Daily,</subfield><subfield code="b">&lt;Oct. 1, 1991&gt;-</subfield></datafield><datafield ind1=" " ind2=" " tag="321"><subfield code="a">Daily (except Sunday and holidays),</subfield><subfield code="b">1931-1995</subfield></datafield><datafield ind1=" " ind2=" " tag="321"><subfield code="a">Daily (except Sunday),</subfield><subfield code="b">&lt;1945&gt;-</subfield></datafield><datafield ind1="0" ind2=" " tag="362"><subfield code="a">35th year, no. 159 (Dec. 7, 1931)-97th year, no. 245 (Dec. 31,1995).</subfield></datafield><datafield ind1=" " ind2=" " tag="500"><subfield code="a">Published: White Plains, N.Y., &lt;Oct. 1, 1991&gt;-</subfield></datafield><datafield ind1=" " ind2=" " tag="500"><subfield code="a">Publisher: Westchester County Pub. Inc., &lt;1945&gt;- ; Gannett Suburban Newspapers, &lt;Oct. 1, 1991&gt;-</subfield></datafield><datafield ind1=" " ind2=" " tag="500"><subfield code="a">"Serving the Tarrytowns and Irvington."</subfield></datafield><datafield ind1=" " ind2=" " tag="530"><subfield code="a">Available on microfilm from Bell and Howell Microphoto, UMI and New York State Archives.</subfield></datafield><datafield ind1=" " ind2="0" tag="651"><subfield code="a">Irvington (N.Y.)</subfield><subfield code="v">Newspapers.</subfield></datafield><datafield ind1=" " ind2="0" tag="651"><subfield code="a">Tarrytown (N.Y.)</subfield><subfield code="v">Newspapers.</subfield></datafield><datafield ind1=" " ind2="0" tag="651"><subfield code="a">Westchester County (N.Y.)</subfield><subfield code="v">Newspapers.</subfield></datafield><datafield ind1=" " ind2="7" tag="655"><subfield code="a">Newspapers.</subfield><subfield code="2">fast</subfield><subfield code="0">(OCoLC)fst01423814</subfield></datafield><datafield ind1=" " ind2="7" tag="651"><subfield code="a">New York (State)</subfield><subfield code="z">Irvington.</subfield><subfield code="2">fast</subfield><subfield code="0">(OCoLC)fst01221672</subfield></datafield><datafield ind1=" " ind2="7" tag="651"><subfield code="a">New York (State)</subfield><subfield code="z">Tarrytown.</subfield><subfield code="2">fast</subfield><subfield code="0">(OCoLC)fst01205443</subfield></datafield><datafield ind1=" " ind2="7" tag="651"><subfield code="a">New York (State)</subfield><subfield code="z">Westchester County.</subfield><subfield code="2">fast</subfield><subfield code="0">(OCoLC)fst01202684</subfield></datafield><datafield ind1=" " ind2=" " tag="752"><subfield code="a">United States</subfield><subfield code="b">New York</subfield><subfield code="c">Westchester</subfield><subfield code="d">Tarrytown.</subfield></datafield><datafield ind1=" " ind2=" " tag="752"><subfield code="a">United States</subfield><subfield code="b">New York</subfield><subfield code="c">Westchester</subfield><subfield code="d">White Plains.</subfield></datafield><datafield ind1="0" ind2="0" tag="780"><subfield code="t">Tarrytown daily news (Tarrytown, N.Y.)</subfield><subfield code="w">(DLC)sn 92061886</subfield><subfield code="w">(OCoLC)26386167</subfield></datafield><datafield ind1="0" ind2="0" tag="785"><subfield code="t">Tarrytown daily news (White Plains, N.Y.)</subfield><subfield code="w">(OCoLC)35004954</subfield></datafield></record>